:20:1
:25:/PL68160011270003012206715001
:28C:160/2009
:60F:D090903PLN000002623569,48
:61:0909030903CN000000004988,01N723NONREF
:86:723^00PRZELEW OTRZ ELIXIR ^34000
^3010600076 ^20faktura 1360/07/2009/RL 404/^2107/2009/ D
^32TRANSPORT REGIONALNY^33T SZYMON JORA UL. BAGIENNA
^3882106000760000326000742451
^62A 18 55-106 KATOWICE
:61:0908030803CN000000001130,83N721NONREF
:86:721^00PRZELEW OTRZYMANY ^34000
^3016001169 ^201319/07/2009/RTL
^32Forters Spolka z o.o. ul. G^33runwaldzka 48 Katowice
BNP Paribas Bank Polska SA | Description of MT940 statement file | july 2021
3
^3838160011690003013153742001
:61:0908030803CN000000010866,80N632NONREF
:86:632^00POLEC ZAPLATY UZNANI ^34000
^30 ^31
^20/NIP/5213110552/IDP/037635/^21TXT/ BALICKA 1393/07/200
^229/RTL
^32PREST - ANNA BALICKA 60
:61:0909040903CN000000152500,00N723NONREF
:86:723^00PRZELEW OTRZ ELIXIR ^34000
^3095841021 ^20Zaplata za f-r Proforma nr^21 332/09/ 2009 z dn.31.07.20
^2209r. albumy historyczne
^32TRANSPORT REGIONALNY^33ALFRED ZIELONY GDANSK 2
^3849958410212003030054250001
^62A 55-095 GDANSK
:61:0908040803CN000000032500,00N723NONREF
:86:723^00PRZELEW OTRZ ELIXIR ^34000
^3011401065 ^20AtQSZ -P^21bASCeNa CA20/11779/09
^32POTOCKIE TOWARZYSTWO UBEZPI^33ECZEN. ANDO BESTIA S.A. UL.
^3819114010650000227556432117
^62HESTII 1 81-731 SOPOT
:61:0908030803CN000000668198,05N761NONREF
:86:761^00ZLECENIE SALDO ^34000
^30 ^31
^20zlecenie saldo 3011/3012 AI^21P
^32
:62F:D090803PLN000001753385,79