:20:31MAR17DAILY
:25:0000000123456
:28C:00065/1
:60F:C170330CZK100,00
:61:1703310331D1,20NMSC12345678909876//3150636703
/OCMT/CZK1,20
:86:030?00Kurs:1,000000?20NAZEV PROTISTRANY?21ZAHRANICNI PLATBA
?22testovaci prevod ZPS?23.
?24.?25.
?26.?27POPL.ZAHR:CZK0,00?30CEKOCZPP
?31CZ6303000000000000654321?32NAZEV PROTISTRANY
?33ADRESA PROTISTRANY
:61:1703310331D1,10FMSC //1720170331000001
:86:111?00NAZEV PROTISTRANY?20000000-0000654321/0300
?21VS:7987613246?22SS:8976343437?23KS:0123
?24testovaci prevod TPS?25.
?26.?27.
?28VS:7987613246?29SS:8976343437
:61:1703310331C2,30NMSC //501509291000
:86:040?00Vklad hotovost ATM 1111?20VS:0000123456?21Vklad hotovost ATM 1111
?22CSOB Radlicka?23test vklad ATM
?24.?25SS:0012345678?26KS:
:62F:C170331CZK100,00