:20:3322114455042465
:25:12345678
:28C:79/1
:60F:C150423GBP42237,2
:61:1504230423C3186,65FTRFRP46799613980388
B/O COMPANY UK LTD
:86:/REMI/1177000222/ORDP/COMPANY UK LTD/ORDB/SC208801/CHGS/SHA
:61:1504230423C39351,8FTRFKJ81113KJ9938933
B/O TREASURY FINANCE
:86:/REMI/PAYGB55XXXX40345678912300/ORDP/TREASURY FINANCE?CH
/ORDB/UBSWCHZH/CHGS/OUR
:61:1504230423C2434,4FTRFB/O TESTING LTD
:86:/REMI/REF NO.0133710/ORDP/TESTING LTD/ORDB/LLOYDS BANK PLC
:61:1504230423C2510,83FTRFNONREF
B/O SENDER OF PAYMENT 
:86:/REMI/123456/ORDP/SENDER OF PAYMENT /ORDB/JPMORGAN CHA
SE BK
:61:1504230423D434,39NLOCOWN REFERENCE 1//5042110400882003
NOLI BENEFICIARY X
:86:/REMI/INVOICE 22/BENM/BENEFICIARY X?51244555/ORDP/SENDER
OF PAYMENT LTD
:61:1504230423D1172,28NLOCOWN REFERENCE 2//5042110400892003
:86:/REMI/INVOICE 33/BENM/BENEFICIARY Y?16345678/ORDP/SENDER
OF PAYMENT LTD
:62F:C150423GBP88114,21
:64:C150423GBP88114,21