:20:5566778899021524
:25:0712345568
:28C:32/1
:60F:C070214EUR356527,02
:61:0702140214C46759,83FMSC003775//G003775
ICD/04999/00018
:86:TESTCOMPANY ABC
POSTBUS 54
3003 JC  ROTTERDAM
113043  113044  113070  113069  113088  11309
107047 113089
:61:0702140214C5452,5FMSC003785//G003785
DTA/04999/00009
:86:Testing (Europe) BV
Postbus 2500
3100 BA  Poortugaal
WK07NL
           112960
:61:0702140214C1515,FMSC001214//G001214
T155408845000020
:86:TEST GMBH
TESTING-STR.8
56007 TEST CITY
RG.113146 V.02.02.07
:61:0702140214C1223,66FMSC001066//G001066
T155407038000990
:86:TESTAR COMPANY AB
BOX 9
900 20 PITEA
11906,11905
:61:0702140214C314,18FMSC006006//G006006
T155407038000080
:86:TESTING BOARD EUROPE,
TESTINGLASSUNG DER TEST
TESTSTRASSE 14-16
1090 WIEN
OUR ACC
DOC NO 559900559
:61:0702140214D4145,NCROPU30007023330103//G001001
BUTI110000012242
:86:/REMI/2958 2969/BENM/TESTBOLAGET AB?SE4630000000030766605555
/CHGS/SHA/OCMT/EUR4145,/BENB/NDEASESS
:61:0702140214D3102,8NLOCPU30007023330115//G009004
IZ/MCI-G/0161560001
:86:/REMI/700949 700951?700950/BENM/TESTCOMPANY NL
?503228881
:61:0702140214D408,68NLOCPU30007023330105//G009006
IZ/MCI-G/0164455001
:86:/REMI/R2007-304438/BENM/NEDERLANDS TESTING BV?426056288
:61:0702140214D528,FMSC016002//G011002
0001835236660008
:86:TESTINGDIENST
APELDOORN
0001835236660008
:62F:C070214EUR403607,71
:64:C070214EUR403607,71