:20:T089414106000001
:25:50880050/0194791601888
:28C:00004/00001
:60F:D070903EUR324910,25
:61:0709040904CR1910,05NTRFNONREF//0724710333345079
:86:166?00GUTSCHRIFT?100399?20EREF+TFNR 21001 EndToEndId ?2100001?22S
VWZ+Verwend CTSc-01 FFP TF?23Nr 21 001?30DRESDEFF508?31DE03508800
500194791600?32QUENTIN?33        QUAST?70Empfaenger Quentin Quast
 UK?71 01
:61:0709040904CR50990,05NTRFNONREF//0724710352956584
:86:166?00GUTSCHRIFT?100399?20EREF+TFNR 21004 EndToEndId ?2100001?22S
VWZ+Verwend CTSc-01 eBB TF?23Nr 21004?30DRESDEFF508?31DE035088005
00194791600?32Quentin Quast?70Empfaenger Quentin Quast UK?71 01
:61:0709040904DR125300,1NTRFKREF+//F2CA963F5C750549
:86:191?00SEPA-UEBERW?100399?20KREF+TFNr 03005 MSGID CTSc-?2101 FFP?2
2MTLG:SEPA-Ueberweisungsauft?23rag Datei mit 0000001 Zahlu?24ngen
:62F:D070904EUR397310,25
:64:D070904EUR397310,25
