:20:123456
:25P:123-304958
CORPGB22
:28C:123/1
:60F:C090123USD395212311,71
:61:090123C50000000,NTRFNONREF//8951234
ORDER BK OF NYC WESTERN CASH RESERVE
:61:090126C5700000,NFEX036960//8954321
:61:090127C200000,NDIVNONREF//8846543
:86:DIVIDEND LORAL CORP
PREFERRED STOCK 1ST QUARTER 2009
:62F:C090123USD451112311,71
:64:C090123USD445212311,71
:65:C090126USD450912311,71
:65:C090127USD451112311,71
:86:PRIME RATE AS OF TODAY 11 PCT