:20:0806120035300006
:25:987654321
:28C:112/1
:60F:C080611SEK89324,89
:61:0806120611C1606,NTRF111222333//6091 000001
:61:0806120611C57392,84NMSC444555666//6000 IT-A06
:61:0806120611C74697,NTRF111222333//6091 GI
:61:0806110611C4016,65NTRF777888999//6000 IT-A06
:61:0806110611D4016,65NTRF444555666//6000 IT-A06
:61:0806110611C874095,NTRF111222333//6000 IT-A06
:61:0806110611D874095,NTRF888999777//6000 IT-A06
:61:0806120611C426709,NTRF111222333//6091 BGINB
:61:0806100611D14412,NMSC777888999//6000 FIL-E
:61:0806100611D7500,05NMSC444555666//6000 FIL-E
:61:0806100611D1058317,5NMSC111222333//6000 FIL-E
:61:0806100611D214464,NMSC888999777//6000 FIL-E
:61:0806100611D2114,NMSC555666777//6000 FIL-E
:61:0806110611C3099048,NTRF555666777//6000 IT-A06
:61:0806110611D3099048,NTRF555666777//6000 IT-A06
:61:0806110611D125,NCHG111222333//0000 AVGIFT
:61:0806120611C72941,NTRF444555666//60001ABOL
:61:0806110611C53422,NTRF444555666//60001ABOL
:61:0806120611C74764,NTRF444555666//60001ABOL
:61:0806120611C183165,NTRF444555666//60001ABOL
:61:0806120611C17066,NTRF777888999//60001ABOL
:61:0806120611C49735,7NTRF777888999//60001ABOL
:62F:D080611SEK196109,12
:64:D080611SEK1154185,66