:20:654321
:25:1234567891
:28C:851/1
:60F:C170928USD28000,00
:61:170929D546232,05S101PLTOL101-56//C11126A1378
:61:170929C500000,S103987009//8951234
:86:/ORDP/COMPUTERSYS INC.
/REMI//INV/78541
:61:170929D100000,NFEXAAAAUS0369PLATUS//8954321
:61:170929C200000,NDIVNONREF//8846543
:86:DIVIDEND LORAL CORP
PREFERRED STOCK 3TH QUARTER 2017
:62F:C170929USD81767,95